% This file was created with Citavi 6.7.0.0

@online{datasheet.LM317.TexasInstruments.2021,
 title = {LM3173-TerminalAdjustableRegulator},
 url = {https://www.ti.com/lit/ds/symlink/lm317.pdf},
 urldate = {2021-04-27},
 abstract = {},
 organization = {{Texas Instruments}},
 subtitle = {Datasheet}
}


